@book{voss2011latex,
	title	=	{LaTeX quick reference},
	author	=	{Vo\ss, Herbert},
	year	=	2011,
	publisher	=	{UIT Cambridge Ltd.}
}
@book{mathmode,
	author = {Vo\ss, Herbert},
	title = {Typesetting Mathematics with \LaTeX},
	year = 2011,
	publisher	=	{UIT Cambridge Ltd.}
}

@book{voss2011pstricks,
	title	=	{PSTricks Graphics and PostScript for TeX and LaTeX},
	author	=	{Vo\ss, Herbert},
	year	=	2011,
	publisher	=	{UIT Cambridge Ltd.}
}