@Book{voss:2016,
  author	= {Herbert Voß},
  title		= {PSTricks --  Grafik für {\TeX} und {\LaTeX}},
  edition	= {7},
  publisher	= {DANTE -- Lehmanns Media},
  date		= {2016},
  address	= {Heidelberg/""Berlin}
}