@article{fernandez2016poligono,
  title={Pol{\'\i}gono de Newton de una foliaci{\'o}n de tipo curva generalizada},
  author={Fern{\'a}ndez, Percy and Saravia, Nancy},
  journal={Pro Mathematica},
  volume={29},
  number={57},
  pages={47--81},
  year={2016}
}
@article {MR3366417,
    AUTHOR = {Rabanal, Jean Paul and Friedman, Daniel},
     TITLE = {How moral codes evolve in a trust game},
   JOURNAL = {Games},
  FJOURNAL = {Games},
    VOLUME = {6},
      YEAR = {2015},
    NUMBER = {2},
     PAGES = {150--160},
      ISSN = {2073-4336},
   MRCLASS = {91A22},
  MRNUMBER = {3366417},
       DOI = {10.3390/g6020150},
       URL = {http://dx.doi.org/10.3390/g6020150},
}
http://www.ams.org/mathscinet-getitem?mr=3366417

@article {MR3277186,
    AUTHOR = {Llibre, Jaume and Rabanal, Roland},
     TITLE = {Center conditions for a class of planar rigid polynomial
              differential systems},
   JOURNAL = {Discrete Contin. Dyn. Syst.},
  FJOURNAL = {Discrete and Continuous Dynamical Systems. Series A},
    VOLUME = {35},
      YEAR = {2015},
    NUMBER = {3},
     PAGES = {1075--1090},
      ISSN = {1078-0947},
   MRCLASS = {34C07 (34C05 34C25 37G15)},
  MRNUMBER = {3277186},
MRREVIEWER = {Alexander A. Grin},
       DOI = {10.3934/dcds.2015.35.1075},
       URL = {http://dx.doi.org/10.3934/dcds.2015.35.1075},
}
http://www.ams.org/mathscinet-getitem?mr=3277186